@article{mitchell2001advanced,
    title={Advanced Linux Programming},
    author={Mitchell, M. and Oldham, J. and Samuel, A.},
    journal={Available on-line at http://advancedlinuxprogramming.com},
    year={2001},
    publisher={Sams}
}

@article{marshall1999programming,
    title={Programming in C UNIX System Calls and Subroutines using C},
    author={Marshall, AD},
    journal={Available on-line at http://www.cs.cf.ac.uk/Dave/C/CE.html},
    year={1999}
}

@article{boys2010keil,
    title={{Keil RTX RTOS: The Easy Way V0.4}},
    author={Robert Boys},
    year={2010}
}

@book{stallings2011operating,
    title={Operating systems: internals and design principles},
    author={Stallings, W.},
    year={2011},
    edition={seventh},
    publisher={Prentice Hall}
}


% Bibliography of key references for "LaTeX for Thesis and Large Documents"
% For use with BibTeX

@book{goossens.book,
	author =	"Michel Goossens and Frank Mittelbach and 
			 Alexander Samarin",
	title =		"The \LaTeX\ Companion",
	year = 		"1994",
	publisher =	"Addison-Wesley",
	address = 	"Reading, Massachusetts"
}

@book{knuth.book,
        author =        "Donald Knuth",
        title =         "The \TeX book",
        year =          "1986",
        publisher =     "Addison-Wesley",
        address =       "Reading, Massachusetts"
}

@book{lamport.book,
	author =        "Leslie Lamport",
	title =         "\LaTeX\ --- A Document Preparation System",
        edition =       "Second",
	year = 		"1994",
	publisher = 	"Addison-Wesley",
	address =       "Reading, Massachusetts"
}


@book{yiu2009definitive,
    title={The Definitive Guide to the ARM Cortex-M3},
    author={Yiu, J.},
    year={2009},
    publisher={Newnes}
}

@misc{arm.cm3.trm,
    title={Cortex-M3 Technical Reference Manual, ARM DDI 0337G},
    year={2005-2008},
    publisher ="ARM Limited."
}

@misc{arm.rvct.comp.ref,
    title={RealView Compilation Tools Version 4.0: Compiler Reference Guide},
    year={2007-2010},
    publisher="ARM Limited."
}

@misc{keil.mcb1700.guide,
    title = {{MCB}1700 {U}ser's {G}uide},
    note={http://www.keil.com/support/man/docs/mcb1700}
}

@misc{nxp.lpc17xx.manual,
    title = {L{PC}17xx {U}ser {M}anual, {R}ev2.0},
    year = {2010}
}

@misc{keil.mdk.primer,
    title = {{MDK} {Primer}},
    note={http://www.keil.com/support/man/docs/gsac}
}
